@reference{satu,
	editor = {Satu Elisa Schaeffer},
	title = {Schaeffer\ septiembre 2020\  elisa.dyndns-web.com/teaching/comp/par/},
	date = {septiembre 2020},
	OPTdoi = {doi},
	OPTurl = {https://elisa.dyndns-web.com/teaching/comp/par/},
	OPTurldate = {urldate},
}
