@misc{satu,
	author={Elisa Schaeffer},
	year=2020,
	title={Práctica 7: Búsqueda Local},
	url={https://elisa.dyndns-web.com/teaching/comp/par/p7.html},
}
