@misc{satu,
	author={Elisa Schaeffer},
	year=2020,
	title={Práctica 3: teoría de colas},
	url={https://elisa.dyndns-web.com/teaching/comp/par/p3.html},
}
@misc{jason,
	author={Jason Brownlee},
	year=2018,
	title={17 Statistical Hypothesis Tests in Python (Cheat Sheet)},
	url={https://machinelearningmastery.com/statistical-hypothesis-tests-in-python-cheat-sheet/},
}
@misc{mill,
	title={The first fifty million primes},
	url={https://primes.utm.edu/lists/small/millions/},
}

