@misc{satu,
	author={Elisa Schaeffer},
	year=2020,
	title={Práctica 10: Algoritmo genético},
	url={https://elisa.dyndns-web.com/teaching/comp/par/p10.html},
}
@misc{jason,
	author={Jason Brownlee},
	year=2018,
	title={17 Statistical Hypothesis Tests in Python (Cheat Sheet)},
	url={https://machinelearningmastery.com/statistical-hypothesis-tests-in-python-cheat-sheet/},
}