@misc{satu,
	author={Elisa Schaeffer},
	year=2020,
	title={Pr√°ctica 12: Red neuronal},
	url={https://elisa.dyndns-web.com/teaching/comp/par/p12.html},
}
@misc{metr,
	author={Boaz Shmueli},
	year=2019,
	title={Multi-Class Metrics Made Simple, Part I: Precision and Recall},
	url={https://towardsdatascience.com/multi-class-metrics-made-simple-part-i-precision-and-recall-9250280bddc2},
}
