@misc{satu,
	author={Elisa Schaeffer},
	year=2020,
	title={Pr√°ctica 11: Frentes de {Pareto}},
	url={https://elisa.dyndns-web.com/teaching/comp/par/p11.html},
}