@misc{satu,
	author={Elisa Schaeffer},
	year=2020,
	title={Pr√°ctica 8: Modelo de urnas},
	url={https://elisa.dyndns-web.com/teaching/comp/par/p8.html},
}
