@misc{satu,
	author={Elisa Schaeffer},
	year=2020,
	title={Práctica 4: diagramas de {Voronoi}},
	url={https://elisa.dyndns-web.com/teaching/comp/par/p4.html},
}

@misc{satu2,
	author={Elisa Schaeffer},
	year=2020,
	title={Práctica 1: movimiento {Browniano}},
	url={https://elisa.dyndns-web.com/teaching/comp/par/p1.html},
}