@misc{satu,
	author={Elisa Schaeffer},
	year=2020,
	title={Práctica 2: autómata celular},
	url={https://elisa.dyndns-web.com/teaching/comp/par/p2.htmll},
}
