@misc{satu,
	author={Elisa Schaeffer},
	year=2020,
	title={Pr√°ctica 6: Sistema Multiagente},
	url={https://elisa.dyndns-web.com/teaching/comp/par/p6.html},
}
