@misc{satu,
	author={Elisa Schaeffer},
	year=2020,
	title={Práctica 9: Interacciones entre partículas},
	url={https://elisa.dyndns-web.com/teaching/comp/par/p9.html},
}
@misc{vict,
	author={Victor Oviedo},
	year=2020,
	title={Simulación},
	url={https://github.com/Elitemaster97/Simulacion},
}
