@article{leao,
	author = {Leao A. A. S.},
	title = {Irregular packing problems: a review of mathematical models},
	journaltitle = {European Journal of Operational Research},
	date = {2020},
	OPTseries = {282(3)},
	OPTvolume = {volume},
	OPTpages = {803–822},
	url = {https://doi.org/10.1016/ j.ejor.2019.04.045}},
}
@article{roma,
	author = {Romanova T., Litvinchev I., Pankratov A.},
	title = {Packing ellipsoids in an optimized cylinder},
	journaltitle = {European Journal of Operational Research},
	date = {2020},
	OPTpages = {429-443},
}
@article{luba,
	author = {Lubachevsky, B.D., Graham, R},
	title = {Minimum perimeter rectangles that enclose congruent non-overlapping circles},
	journaltitle = {Discrete Mathematics},
	date = {2009},
	OPTpages = {1947-1962},
}
@article{benn,
	author = {Bennell, J., Scheithauer, G., Stoyan, Y},
	title = {Optimal clustering of a pair of irregular objects},
	journaltitle = {Journal of Global Optimization},
	date = {2015},
	OPTseries = {},
	OPTvolume = {61},
	OPTpages = {497-524},
	url = {https://doi.org/10.1007/s10898-014-0192-0}},
}
@article{kall,
	author = {Kallrath J.},
	title = {Cutting circles and polygons from area-minimizing rectangles},
	journaltitle = {Journal of Global Optimization},
	date = {2009},
	OPTpages = {299–328},
	url = {https://doi.org/10.1007/s10898-007-9274-6}},
}
@article{hifi,
	author = {Hifi M., Yousef L},
	title = {A local search-based method for sphere packing problems},
	journaltitle = {European Journal of Operational Research},
	date = {2019},
	OPTpages = {482–500},
}
@article{arau,
	author = {Araujo, L. J. P., Ozcan, E., Atkin, J. A. D., & Baumers, M},
	title = {Analysis of packing problems in additive manufacturing: a new taxonomy and dataset},
	journaltitle = {International Journal of Production Research},
	date = {2019},
	OPTpages = {5920–5934},
	url = {https://doi.org/10.1080/ 00207543.2018.1534016}},
}
