@misc{satu,
	author={Elisa Schaeffer},
	year=2020,
	title={Práctica 5: método {Monte-Carlo}},
	url={https://elisa.dyndns-web.com/teaching/comp/par/p5.html},
}
